<?xml version="1.0" encoding="UTF-8"?><collection xmlns="http://www.loc.gov/MARC21/slim"><record><leader>00565nam--2200181-u-4500</leader><controlfield tag="001">000053773</controlfield><controlfield tag="002">20161230</controlfield><controlfield tag="005">20161230201051</controlfield><controlfield tag="008">110620s1000------------r-----000-0-fre-d</controlfield><datafield ind1=" " ind2=" " tag="040"><subfield code="a">IFIN-HH</subfield></datafield><datafield ind1=" " ind2=" " tag="041"><subfield code="a">fre</subfield></datafield><datafield ind1=" " ind2=" " tag="080"><subfield code="a">015:538.6</subfield></datafield><datafield ind1="1" ind2=" " tag="100"><subfield code="a">Papassimacopoulos, Stephanos</subfield></datafield><datafield ind1="1" ind2="0" tag="245"><subfield code="a">Mise au point s'un dispositif de mesure de l'effet faraday dans les champs magnetique intenses pulses</subfield><subfield code="b">These</subfield><subfield code="c">Stephanos papassimacopoulos</subfield></datafield><datafield ind1=" " ind2=" " tag="260"><subfield code="a">Paris</subfield><subfield code="b">Faculte Des Sceinces D'Orsay</subfield><subfield code="c">1971</subfield></datafield><datafield ind1=" " ind2=" " tag="300"><subfield code="a">41P</subfield></datafield><datafield ind1=" " ind2=" " tag="852"><subfield code="a">38282</subfield><subfield code="c">537:538</subfield></datafield><datafield ind1=" " ind2=" " tag="CAT"><subfield code="a">Sys</subfield><subfield code="c">20110620</subfield><subfield code="h">102448</subfield></datafield></record></collection>